<?xml version="1.0" encoding="UTF-8"?><record xmlns="http://www.loc.gov/MARC21/slim" xmlns:cinclude="http://apache.org/cocoon/include/1.0" xmlns:zs="http://www.loc.gov/zing/srw/">
  <leader>00585nz  a2200157n  4500</leader>
  <controlfield tag="001">n  80160835 </controlfield>
  <controlfield tag="003">DLC</controlfield>
  <controlfield tag="005">19840322000000.0</controlfield>
  <controlfield tag="008">801215n| acannaab|          |b aaa |||  </controlfield>
  <datafield tag="010" ind1=" " ind2=" ">
    <subfield code="a">n  80160835 </subfield>
  </datafield>
  <datafield tag="040" ind1=" " ind2=" ">
    <subfield code="a">DLC</subfield>
    <subfield code="c">DLC</subfield>
  </datafield>
  <datafield tag="100" ind1="1" ind2="0">
    <subfield code="a">Aitken, P. P.</subfield>
    <subfield code="q">(Philip Peter)</subfield>
  </datafield>
  <datafield tag="400" ind1="1" ind2="0">
    <subfield code="w">nna</subfield>
    <subfield code="a">Aitken, Philip Peter</subfield>
  </datafield>
  <datafield tag="670" ind1=" " ind2=" ">
    <subfield code="a">His Ten-to-fourteen-year-olds and alcohol, 1978:</subfield>
    <subfield code="b">t.p. (P. P. Aitken)</subfield>
  </datafield>
  <datafield tag="670" ind1=" " ind2=" ">
    <subfield code="a">Reading, Eng. Suppl to univ. cal., grads., 1928-72</subfield>
    <subfield code="b">(Aitken, Philip Peter, PhD psych., 1971)</subfield>
  </datafield>
  <datafield tag="670" ind1=" " ind2=" ">
    <subfield code="a">Commonwealth univ. yrbk., 1977-78</subfield>
    <subfield code="b">(Aitken, P. P., Phd Reading; lect. Strathclyde)</subfield>
  </datafield>
</record>